HDFC BANK LIMITED
Account Statement

Account Holder  : Rahul Sharma
Account Number  : XXXXXXXX4321
IFSC Code       : HDFC0001234
Branch          : Koramangala, Bengaluru
Account Type    : Savings
Statement Period: 01/04/2023 to 31/03/2024

Opening Balance : Rs. 45,230.00

---------------------------------------------------------------
Date        | Description                  | Debit     | Credit    | Balance
---------------------------------------------------------------
05/04/2023  | NEFT - Salary Infosys        |           | 85,000.00 | 1,30,230.00
10/04/2023  | UPI - Amazon Pay             | 2,500.00  |           | 1,27,730.00
15/04/2023  | ATM Withdrawal               | 10,000.00 |           | 1,17,730.00
30/04/2023  | EMI - HDFC Home Loan         | 25,000.00 |           | 92,730.00
05/05/2023  | NEFT - Salary Infosys        |           | 85,000.00 | 1,77,730.00
10/05/2023  | Zomato UPI                   | 1,200.00  |           | 1,76,530.00
20/05/2023  | LIC Premium                  | 12,500.00 |           | 1,64,030.00
31/05/2023  | EMI - HDFC Home Loan         | 25,000.00 |           | 1,39,030.00
05/06/2023  | NEFT - Salary Infosys        |           | 85,000.00 | 2,24,030.00
30/06/2023  | EMI - HDFC Home Loan         | 25,000.00 |           | 1,99,030.00
[... transactions continue ...]
31/03/2024  | EMI - HDFC Home Loan         | 25,000.00 |           | 98,740.00

---------------------------------------------------------------
Closing Balance : Rs. 1,05,340.00

NOTE: Closing balance shown (Rs. 1,05,340.00) does NOT match
      the last calculated running balance (Rs. 98,740.00).
      Difference: Rs. 6,600.00 — possible missing transactions.

Total Credits   : Rs. 10,20,000.00
Total Debits    : Rs. 9,61,490.00
---------------------------------------------------------------

This is a computer-generated statement and does not require a signature.
